@misc{pugixml,
	author = "Pugixml",
	title = "Pugixml 1.8 manual",
	year = "2017",
	howpublished = {\url{https://pugixml.org/docs/manual.html}},
	note = "[Online; acedido a 12-Mar√ßo-2018]"
}