@misc{earth, 
    title={Earth},
    howpublished = {\url{https://en.wikipedia.org/wiki/Earth}},
    journal={Wikipedia}, 
    publisher={Wikimedia Foundation}, 
    year={2018}, 
    month={Mar},
    note = "[Online; acedido a 29-Março-2018]"
} 

@misc{jupiter,
    title={Jupiter},
    howpublished = {\url{https://en.wikipedia.org/wiki/Jupiter}},
    journal={Wikipedia}, publisher={Wikimedia Foundation},
    year={2018},
    month={Mar},
    note = "[Online; acedido a 29-Março-2018]"
} 

@misc{mars,
    title={Mars},
    howpublished = {\url{https://en.wikipedia.org/wiki/Mars}},
    journal={Wikipedia}, publisher={Wikimedia Foundation},
    year={2018},
    month={Mar},
    note = "[Online; acedido a 29-Março-2018]"
} 

@misc{mercury, 
    title={Mercury (planet)},
    howpublished = {\url{https://en.wikipedia.org/wiki/Mercury_(planet)}},
    journal={Wikipedia}, publisher={Wikimedia Foundation},
    year={2018}, 
    month={Mar},
    note = "[Online; acedido a 29-Março-2018]"
} 

@misc{moon, 
    title={Moon},
    howpublished = {\url{https://en.wikipedia.org/wiki/Moon}},
    journal={Wikipedia},
    publisher={Wikimedia Foundation},
    year={2018}, 
    month={Mar},
    note = "[Online; acedido a 29-Março-2018]"
} 

@misc{neptune,
    title={Neptune},
    howpublished = {\url{https://en.wikipedia.org/wiki/Neptune}},
    journal={Wikipedia}, 
    publisher={Wikimedia Foundation},
    year={2018}, 
    month={Mar},
    note = "[Online; acedido a 29-Março-2018]"
} 

@misc{pluto, 
    title={Pluto}, 
    howpublished = {\url{https://en.wikipedia.org/wiki/Pluto}},
    journal={Wikipedia}, 
    publisher={Wikimedia Foundation}, 
    year={2018}, 
    month={Mar},
    note = "[Online; acedido a 3-Abril-2018]"
} 

@misc{pugixml,
	author = "Pugixml",
	title = "Pugixml 1.8 manual",
	year = "2017",
	howpublished = {\url{https://pugixml.org/docs/manual.html}},
	note = "[Online; acedido a 12-Março-2018]"
}

@misc{sat_rings, 
    title={Rings of Saturn}, 
    howpublished = {\url{https://en.wikipedia.org/wiki/Rings_of_Saturn#Major_subdivisions}}, 
    journal={Wikipedia}, 
    publisher={Wikimedia Foundation}, 
    year={2018}, 
    month={Mar},
    note = "[Online; acedido a 29-Março-2018]"
} 

@misc{saturn, 
    title={Saturn}, 
    howpublished = {\url{https://en.wikipedia.org/wiki/Saturn}}, 
    journal={Wikipedia}, 
    publisher={Wikimedia Foundation}, 
    year={2018}, 
    month={Mar},
    note = "[Online; acedido a 29-Março-2018]"
} 

@misc{strtof,
	title = "strtof",
	year = "2017",
	howpublished = {\url{http://www.cplusplus.com/reference/cstdlib/strtof/}},
	note = "[Online; acedido a 8-Março-2018]"
}

@misc{sun, 
    title={Sun}, 
    howpublished = {\url{https://en.wikipedia.org/wiki/Sun}}, 
    journal={Wikipedia}, 
    publisher={Wikimedia Foundation}, 
    year={2018}, 
    month={Mar},
    note = "[Online; acedido a 29-Março-2018]"
} 

@misc{uranus, 
    title={Uranus}, 
    howpublished = {\url{https://en.wikipedia.org/wiki/Uranus}}, 
    journal={Wikipedia}, 
    publisher={Wikimedia Foundation}, 
    year={2018}, 
    month={Mar},
    note = "[Online; acedido a 29-Março-2018]"
} 

@misc{venus, 
    title={Venus}, 
    howpublished = {\url{https://en.wikipedia.org/wiki/Venus}}, 
    journal={Wikipedia}, 
    publisher={Wikimedia Foundation}, 
    year={2018}, 
    month={Mar},
    note = "[Online; acedido a 29-Março-2018]"
}
